%Este trabalho está licenciado sob a Licença Creative Commons Atribuição-CompartilhaIgual 3.0 Não Adaptada. Para ver uma cópia desta licença, visite https://creativecommons.org/licenses/by-sa/3.0/ ou envie uma carta para Creative Commons, PO Box 1866, Mountain View, CA 94042, USA.

@book{PRESSC,
  title={Numerical Recipes in C : the Art of Scientific Computing},
  author={Press, W. H. and Teukolsky, S. A. and Vetterling, W. T. and Flannery, B. P.},
  edition={2ed},
  year={1992},
  publisher={Cambridge University Press}
}


@book{PRESSC++,
  title={Numerical Recipes in C++ : the Art of Scientific Computing},
  author={Press, W. H. and Teukolsky, S. A. and Vetterling, W. T. and Flannery, B. P.},
  edition={2ed},
  year={2002},
  publisher={Cambridge University Press}
}

@Unpublished{CALSCI,
  author = 	 {{Todos os Colaboradores}},
  title = 	 {Cálculo Numérico - Um Livro Colaborativo - Versão com Scilab},
  note = 	 {disponível em \url{https://www.ufrgs.br/numerico/livro/main.html}},
  month = 	 {Novembro},
  year = 	 {2016}
}

@book{KERNIGHAM,
author={B. W. Kernigham and D. M. Ritchie.},
title={The C Programming Language},
year={1998},
publisher={Englewood Cliffs: Prentice Hall}
}
@book{SENNE,
author={Senne, E. L. F.},
title={Primeiro curso de programação em C},
year={2006},
publisher={Visual Books},
address={Florianopolis}
}
@book{DAMAS,
author={Damas, L.},
title={Linguagem C},
year={2007},
publisher={LTC},
address={Rio de Janeiro}
}

@book{SCHILDT,
author={Schildt, H.},
title={C : completo e total},
year={1997},
publisher={Makron Books},
address={São Paulo},
edition={3ed}
}


@Book{BURDEN,
  author = 	 {Burden, R.L. and Faires, J.D.},
  title = 	 {Análise Numérica},
  publisher = 	 {Cengage Learning},
  year = 	 {2013},
  edition = 	 {8},
}

